@article{
    Base,
    title = {Comparison of different feature extraction methods for EEG-based emotion recognition},
    author = {Rab Nawaz and Kit Hwa Cheah and Humaira Nisar and Vooi Voon Yap},
    journal = {Biocybernetics and Biomedical Engineering},
    volume = {40},
    number = {3},
    pages = {910-926},
    year = {2020},
    issn = {0208-5216},
    doi = {https://doi.org/10.1016/j.bbe.2020.04.005},
}

@book{
    Koelsch,
	title = {Brain and Music},
	isbn = {978-1-119-94311-2},
	publisher = {Wiley},
	author = {Koelsch, S.},
	year = {2012},
	lccn = {2012009065},
}

@article{
    Tandle,
	title = {Mental state and emotion detection from musically stimulated EEG},
	author = {Tandle, Avinash L. and Joshi, Manjusha S. and Dharmadhikari, Ambrish S. and Jaiswal, Suyog V.},
	journal = {Brain Informatics},
	volume = {5},
	number = {2},
	pages = {14},
	year = {2018},
	issn = {2198-4018},
	doi = {10.1186/s40708-018-0092-z},
}

@article{
    Scherer,
    title = {Which Emotions Can be Induced by Music? What Are the Underlying Mechanisms? And How Can We Measure Them?},
    author = {Scherer, Klaus},
    journal = {Journal of New Music Research},
    volume = {33},
    pages = {239-251},
    month = {09},
    year = {2004},
    doi = {10.1080/0929821042000317822},
}


@article{
    Fernandez-Sotos,
    title = {Influence of Tempo and Rhythmic Unit in Musical Emotion Regulation},
	author = {Fernández-Sotos, Alicia and Fernández-Caballero, Antonio and Latorre, José M.},
	journal = {Frontiers in Computational Neuroscience},
	volume = {10},
	pages = {80},
	year = {2016},
	issn = {1662-5188},
	doi = {10.3389/fncom.2016.00080},
}
